%YAML 1.1
%TAG !u! tag:unity3d.com,2011:
--- !u!1 &4204808578150101599
GameObject:
  m_ObjectHideFlags: 0
  m_CorrespondingSourceObject: {fileID: 0}
  m_PrefabInstance: {fileID: 0}
  m_PrefabAsset: {fileID: 0}
  serializedVersion: 6
  m_Component:
  - component: {fileID: 4204808578150101586}
  - component: {fileID: 4204808578150101587}
  - component: {fileID: 4204808578150101584}
  - component: {fileID: 4204808578150101585}
  - component: {fileID: 4204808578150101598}
  m_Layer: 0
  m_Name: Tunnel
  m_TagString: Untagged
  m_Icon: {fileID: 0}
  m_NavMeshLayer: 0
  m_StaticEditorFlags: 0
  m_IsActive: 1
--- !u!4 &4204808578150101586
Transform:
  m_ObjectHideFlags: 0
  m_CorrespondingSourceObject: {fileID: 0}
  m_PrefabInstance: {fileID: 0}
  m_PrefabAsset: {fileID: 0}
  m_GameObject: {fileID: 4204808578150101599}
  m_LocalRotation: {x: 0.7071068, y: 0, z: 0, w: 0.7071068}
  m_LocalPosition: {x: 30.55, y: 0.96, z: -0.52}
  m_LocalScale: {x: 1, y: 1, z: 1}
  m_Children:
  - {fileID: 6774958142918673407}
  m_Father: {fileID: 0}
  m_RootOrder: 0
  m_LocalEulerAnglesHint: {x: 90, y: 0, z: 0}
--- !u!114 &4204808578150101587
MonoBehaviour:
  m_ObjectHideFlags: 0
  m_CorrespondingSourceObject: {fileID: 0}
  m_PrefabInstance: {fileID: 0}
  m_PrefabAsset: {fileID: 0}
  m_GameObject: {fileID: 4204808578150101599}
  m_Enabled: 1
  m_EditorHideFlags: 0
  m_Script: {fileID: 11500000, guid: 8233d90336aea43098adf6dbabd606a2, type: 3}
  m_Name: 
  m_EditorClassIdentifier: 
  m_MeshFormatVersion: 1
  m_Faces:
  - m_Indexes: 000000000100000002000000010000000300000002000000
    m_SmoothingGroup: 1
    m_Uv:
      m_UseWorldSpace: 0
      m_FlipU: 0
      m_FlipV: 0
      m_SwapUV: 0
      m_Fill: 1
      m_Scale: {x: 1, y: 1}
      m_Offset: {x: 0, y: 0}
      m_Rotation: 0
      m_Anchor: 9
    m_Material: {fileID: 0}
    m_SubmeshIndex: 0
    m_ManualUV: 0
    elementGroup: -1
    m_TextureGroup: -1
  - m_Indexes: 040000000500000006000000050000000700000006000000
    m_SmoothingGroup: 1
    m_Uv:
      m_UseWorldSpace: 0
      m_FlipU: 0
      m_FlipV: 0
      m_SwapUV: 0
      m_Fill: 1
      m_Scale: {x: 1, y: 1}
      m_Offset: {x: 0, y: 0}
      m_Rotation: 0
      m_Anchor: 9
    m_Material: {fileID: 0}
    m_SubmeshIndex: 0
    m_ManualUV: 0
    elementGroup: -1
    m_TextureGroup: -1
  - m_Indexes: 08000000090000000a000000090000000b0000000a000000
    m_SmoothingGroup: 1
    m_Uv:
      m_UseWorldSpace: 0
      m_FlipU: 0
      m_FlipV: 0
      m_SwapUV: 0
      m_Fill: 1
      m_Scale: {x: 1, y: 1}
      m_Offset: {x: 0, y: 0}
      m_Rotation: 0
      m_Anchor: 9
    m_Material: {fileID: 0}
    m_SubmeshIndex: 0
    m_ManualUV: 0
    elementGroup: -1
    m_TextureGroup: -1
  - m_Indexes: 0c0000000d0000000e0000000d0000000f0000000e000000
    m_SmoothingGroup: 1
    m_Uv:
      m_UseWorldSpace: 0
      m_FlipU: 0
      m_FlipV: 0
      m_SwapUV: 0
      m_Fill: 1
      m_Scale: {x: 1, y: 1}
      m_Offset: {x: 0, y: 0}
      m_Rotation: 0
      m_Anchor: 9
    m_Material: {fileID: 0}
    m_SubmeshIndex: 0
    m_ManualUV: 0
    elementGroup: -1
    m_TextureGroup: -1
  - m_Indexes: 100000001100000012000000110000001300000012000000
    m_SmoothingGroup: 1
    m_Uv:
      m_UseWorldSpace: 0
      m_FlipU: 0
      m_FlipV: 0
      m_SwapUV: 0
      m_Fill: 1
      m_Scale: {x: 1, y: 1}
      m_Offset: {x: 0, y: 0}
      m_Rotation: 0
      m_Anchor: 9
    m_Material: {fileID: 0}
    m_SubmeshIndex: 0
    m_ManualUV: 0
    elementGroup: -1
    m_TextureGroup: -1
  - m_Indexes: 140000001500000016000000150000001700000016000000
    m_SmoothingGroup: 1
    m_Uv:
      m_UseWorldSpace: 0
      m_FlipU: 0
      m_FlipV: 0
      m_SwapUV: 0
      m_Fill: 1
      m_Scale: {x: 1, y: 1}
      m_Offset: {x: 0, y: 0}
      m_Rotation: 0
      m_Anchor: 9
    m_Material: {fileID: 0}
    m_SubmeshIndex: 0
    m_ManualUV: 0
    elementGroup: -1
    m_TextureGroup: -1
  - m_Indexes: 18000000190000001a000000190000001b0000001a000000
    m_SmoothingGroup: 1
    m_Uv:
      m_UseWorldSpace: 0
      m_FlipU: 0
      m_FlipV: 0
      m_SwapUV: 0
      m_Fill: 1
      m_Scale: {x: 1, y: 1}
      m_Offset: {x: 0, y: 0}
      m_Rotation: 0
      m_Anchor: 9
    m_Material: {fileID: 0}
    m_SubmeshIndex: 0
    m_ManualUV: 0
    elementGroup: -1
    m_TextureGroup: -1
  - m_Indexes: 1c0000001d0000001e0000001d0000001f0000001e000000
    m_SmoothingGroup: 1
    m_Uv:
      m_UseWorldSpace: 0
      m_FlipU: 0
      m_FlipV: 0
      m_SwapUV: 0
      m_Fill: 1
      m_Scale: {x: 1, y: 1}
      m_Offset: {x: 0, y: 0}
      m_Rotation: 0
      m_Anchor: 9
    m_Material: {fileID: 0}
    m_SubmeshIndex: 0
    m_ManualUV: 0
    elementGroup: -1
    m_TextureGroup: -1
  - m_Indexes: 200000002100000022000000210000002300000022000000
    m_SmoothingGroup: 1
    m_Uv:
      m_UseWorldSpace: 0
      m_FlipU: 0
      m_FlipV: 0
      m_SwapUV: 0
      m_Fill: 1
      m_Scale: {x: 1, y: 1}
      m_Offset: {x: 0, y: 0}
      m_Rotation: 0
      m_Anchor: 9
    m_Material: {fileID: 0}
    m_SubmeshIndex: 0
    m_ManualUV: 0
    elementGroup: -1
    m_TextureGroup: -1
  - m_Indexes: 240000002500000026000000250000002700000026000000
    m_SmoothingGroup: 1
    m_Uv:
      m_UseWorldSpace: 0
      m_FlipU: 0
      m_FlipV: 0
      m_SwapUV: 0
      m_Fill: 1
      m_Scale: {x: 1, y: 1}
      m_Offset: {x: 0, y: 0}
      m_Rotation: 0
      m_Anchor: 9
    m_Material: {fileID: 0}
    m_SubmeshIndex: 0
    m_ManualUV: 0
    elementGroup: -1
    m_TextureGroup: -1
  - m_Indexes: 2a0000002900000028000000
    m_SmoothingGroup: 0
    m_Uv:
      m_UseWorldSpace: 0
      m_FlipU: 0
      m_FlipV: 0
      m_SwapUV: 0
      m_Fill: 1
      m_Scale: {x: 1, y: 1}
      m_Offset: {x: 0, y: 0}
      m_Rotation: 0
      m_Anchor: 9
    m_Material: {fileID: 2100000, guid: c22777d6e868e4f2fb421913386b154e, type: 2}
    m_SubmeshIndex: 0
    m_ManualUV: 0
    elementGroup: 0
    m_TextureGroup: -1
  - m_Indexes: 300000002f0000002e000000
    m_SmoothingGroup: 0
    m_Uv:
      m_UseWorldSpace: 0
      m_FlipU: 0
      m_FlipV: 0
      m_SwapUV: 0
      m_Fill: 1
      m_Scale: {x: 1, y: 1}
      m_Offset: {x: 0, y: 0}
      m_Rotation: 0
      m_Anchor: 9
    m_Material: {fileID: 2100000, guid: c22777d6e868e4f2fb421913386b154e, type: 2}
    m_SubmeshIndex: 0
    m_ManualUV: 0
    elementGroup: 0
    m_TextureGroup: -1
  - m_Indexes: 360000003500000034000000
    m_SmoothingGroup: 0
    m_Uv:
      m_UseWorldSpace: 0
      m_FlipU: 0
      m_FlipV: 0
      m_SwapUV: 0
      m_Fill: 1
      m_Scale: {x: 1, y: 1}
      m_Offset: {x: 0, y: 0}
      m_Rotation: 0
      m_Anchor: 9
    m_Material: {fileID: 2100000, guid: c22777d6e868e4f2fb421913386b154e, type: 2}
    m_SubmeshIndex: 0
    m_ManualUV: 0
    elementGroup: 0
    m_TextureGroup: -1
  - m_Indexes: 3c0000003b0000003a000000
    m_SmoothingGroup: 0
    m_Uv:
      m_UseWorldSpace: 0
      m_FlipU: 0
      m_FlipV: 0
      m_SwapUV: 0
      m_Fill: 1
      m_Scale: {x: 1, y: 1}
      m_Offset: {x: 0, y: 0}
      m_Rotation: 0
      m_Anchor: 9
    m_Material: {fileID: 2100000, guid: c22777d6e868e4f2fb421913386b154e, type: 2}
    m_SubmeshIndex: 0
    m_ManualUV: 0
    elementGroup: 0
    m_TextureGroup: -1
  - m_Indexes: 420000004100000040000000
    m_SmoothingGroup: 0
    m_Uv:
      m_UseWorldSpace: 0
      m_FlipU: 0
      m_FlipV: 0
      m_SwapUV: 0
      m_Fill: 1
      m_Scale: {x: 1, y: 1}
      m_Offset: {x: 0, y: 0}
      m_Rotation: 0
      m_Anchor: 9
    m_Material: {fileID: 2100000, guid: c22777d6e868e4f2fb421913386b154e, type: 2}
    m_SubmeshIndex: 0
    m_ManualUV: 0
    elementGroup: 0
    m_TextureGroup: -1
  - m_Indexes: 480000004700000046000000
    m_SmoothingGroup: 0
    m_Uv:
      m_UseWorldSpace: 0
      m_FlipU: 0
      m_FlipV: 0
      m_SwapUV: 0
      m_Fill: 1
      m_Scale: {x: 1, y: 1}
      m_Offset: {x: 0, y: 0}
      m_Rotation: 0
      m_Anchor: 9
    m_Material: {fileID: 2100000, guid: c22777d6e868e4f2fb421913386b154e, type: 2}
    m_SubmeshIndex: 0
    m_ManualUV: 0
    elementGroup: 0
    m_TextureGroup: -1
  - m_Indexes: 4e0000004d0000004c000000
    m_SmoothingGroup: 0
    m_Uv:
      m_UseWorldSpace: 0
      m_FlipU: 0
      m_FlipV: 0
      m_SwapUV: 0
      m_Fill: 1
      m_Scale: {x: 1, y: 1}
      m_Offset: {x: 0, y: 0}
      m_Rotation: 0
      m_Anchor: 9
    m_Material: {fileID: 2100000, guid: c22777d6e868e4f2fb421913386b154e, type: 2}
    m_SubmeshIndex: 0
    m_ManualUV: 0
    elementGroup: 0
    m_TextureGroup: -1
  - m_Indexes: 540000005300000052000000
    m_SmoothingGroup: 0
    m_Uv:
      m_UseWorldSpace: 0
      m_FlipU: 0
      m_FlipV: 0
      m_SwapUV: 0
      m_Fill: 1
      m_Scale: {x: 1, y: 1}
      m_Offset: {x: 0, y: 0}
      m_Rotation: 0
      m_Anchor: 9
    m_Material: {fileID: 2100000, guid: c22777d6e868e4f2fb421913386b154e, type: 2}
    m_SubmeshIndex: 0
    m_ManualUV: 0
    elementGroup: 0
    m_TextureGroup: -1
  - m_Indexes: 5a0000005900000058000000
    m_SmoothingGroup: 0
    m_Uv:
      m_UseWorldSpace: 0
      m_FlipU: 0
      m_FlipV: 0
      m_SwapUV: 0
      m_Fill: 1
      m_Scale: {x: 1, y: 1}
      m_Offset: {x: 0, y: 0}
      m_Rotation: 0
      m_Anchor: 9
    m_Material: {fileID: 2100000, guid: c22777d6e868e4f2fb421913386b154e, type: 2}
    m_SubmeshIndex: 0
    m_ManualUV: 0
    elementGroup: 0
    m_TextureGroup: -1
  - m_Indexes: 600000005f0000005e000000
    m_SmoothingGroup: 0
    m_Uv:
      m_UseWorldSpace: 0
      m_FlipU: 0
      m_FlipV: 0
      m_SwapUV: 0
      m_Fill: 1
      m_Scale: {x: 1, y: 1}
      m_Offset: {x: 0, y: 0}
      m_Rotation: 0
      m_Anchor: 9
    m_Material: {fileID: 2100000, guid: c22777d6e868e4f2fb421913386b154e, type: 2}
    m_SubmeshIndex: 0
    m_ManualUV: 0
    elementGroup: 0
    m_TextureGroup: -1
  - m_Indexes: 2b0000002c0000002d000000
    m_SmoothingGroup: 0
    m_Uv:
      m_UseWorldSpace: 0
      m_FlipU: 0
      m_FlipV: 0
      m_SwapUV: 0
      m_Fill: 1
      m_Scale: {x: 1, y: 1}
      m_Offset: {x: 0, y: 0}
      m_Rotation: 0
      m_Anchor: 9
    m_Material: {fileID: 2100000, guid: c22777d6e868e4f2fb421913386b154e, type: 2}
    m_SubmeshIndex: 0
    m_ManualUV: 0
    elementGroup: 0
    m_TextureGroup: -1
  - m_Indexes: 310000003200000033000000
    m_SmoothingGroup: 0
    m_Uv:
      m_UseWorldSpace: 0
      m_FlipU: 0
      m_FlipV: 0
      m_SwapUV: 0
      m_Fill: 1
      m_Scale: {x: 1, y: 1}
      m_Offset: {x: 0, y: 0}
      m_Rotation: 0
      m_Anchor: 9
    m_Material: {fileID: 2100000, guid: c22777d6e868e4f2fb421913386b154e, type: 2}
    m_SubmeshIndex: 0
    m_ManualUV: 0
    elementGroup: 0
    m_TextureGroup: -1
  - m_Indexes: 370000003800000039000000
    m_SmoothingGroup: 0
    m_Uv:
      m_UseWorldSpace: 0
      m_FlipU: 0
      m_FlipV: 0
      m_SwapUV: 0
      m_Fill: 1
      m_Scale: {x: 1, y: 1}
      m_Offset: {x: 0, y: 0}
      m_Rotation: 0
      m_Anchor: 9
    m_Material: {fileID: 2100000, guid: c22777d6e868e4f2fb421913386b154e, type: 2}
    m_SubmeshIndex: 0
    m_ManualUV: 0
    elementGroup: 0
    m_TextureGroup: -1
  - m_Indexes: 3d0000003e0000003f000000
    m_SmoothingGroup: 0
    m_Uv:
      m_UseWorldSpace: 0
      m_FlipU: 0
      m_FlipV: 0
      m_SwapUV: 0
      m_Fill: 1
      m_Scale: {x: 1, y: 1}
      m_Offset: {x: 0, y: 0}
      m_Rotation: 0
      m_Anchor: 9
    m_Material: {fileID: 2100000, guid: c22777d6e868e4f2fb421913386b154e, type: 2}
    m_SubmeshIndex: 0
    m_ManualUV: 0
    elementGroup: 0
    m_TextureGroup: -1
  - m_Indexes: 430000004400000045000000
    m_SmoothingGroup: 0
    m_Uv:
      m_UseWorldSpace: 0
      m_FlipU: 0
      m_FlipV: 0
      m_SwapUV: 0
      m_Fill: 1
      m_Scale: {x: 1, y: 1}
      m_Offset: {x: 0, y: 0}
      m_Rotation: 0
      m_Anchor: 9
    m_Material: {fileID: 2100000, guid: c22777d6e868e4f2fb421913386b154e, type: 2}
    m_SubmeshIndex: 0
    m_ManualUV: 0
    elementGroup: 0
    m_TextureGroup: -1
  - m_Indexes: 490000004a0000004b000000
    m_SmoothingGroup: 0
    m_Uv:
      m_UseWorldSpace: 0
      m_FlipU: 0
      m_FlipV: 0
      m_SwapUV: 0
      m_Fill: 1
      m_Scale: {x: 1, y: 1}
      m_Offset: {x: 0, y: 0}
      m_Rotation: 0
      m_Anchor: 9
    m_Material: {fileID: 2100000, guid: c22777d6e868e4f2fb421913386b154e, type: 2}
    m_SubmeshIndex: 0
    m_ManualUV: 0
    elementGroup: 0
    m_TextureGroup: -1
  - m_Indexes: 4f0000005000000051000000
    m_SmoothingGroup: 0
    m_Uv:
      m_UseWorldSpace: 0
      m_FlipU: 0
      m_FlipV: 0
      m_SwapUV: 0
      m_Fill: 1
      m_Scale: {x: 1, y: 1}
      m_Offset: {x: 0, y: 0}
      m_Rotation: 0
      m_Anchor: 9
    m_Material: {fileID: 2100000, guid: c22777d6e868e4f2fb421913386b154e, type: 2}
    m_SubmeshIndex: 0
    m_ManualUV: 0
    elementGroup: 0
    m_TextureGroup: -1
  - m_Indexes: 550000005600000057000000
    m_SmoothingGroup: 0
    m_Uv:
      m_UseWorldSpace: 0
      m_FlipU: 0
      m_FlipV: 0
      m_SwapUV: 0
      m_Fill: 1
      m_Scale: {x: 1, y: 1}
      m_Offset: {x: 0, y: 0}
      m_Rotation: 0
      m_Anchor: 9
    m_Material: {fileID: 2100000, guid: c22777d6e868e4f2fb421913386b154e, type: 2}
    m_SubmeshIndex: 0
    m_ManualUV: 0
    elementGroup: 0
    m_TextureGroup: -1
  - m_Indexes: 5b0000005c0000005d000000
    m_SmoothingGroup: 0
    m_Uv:
      m_UseWorldSpace: 0
      m_FlipU: 0
      m_FlipV: 0
      m_SwapUV: 0
      m_Fill: 1
      m_Scale: {x: 1, y: 1}
      m_Offset: {x: 0, y: 0}
      m_Rotation: 0
      m_Anchor: 9
    m_Material: {fileID: 2100000, guid: c22777d6e868e4f2fb421913386b154e, type: 2}
    m_SubmeshIndex: 0
    m_ManualUV: 0
    elementGroup: 0
    m_TextureGroup: -1
  - m_Indexes: 610000006200000063000000
    m_SmoothingGroup: 0
    m_Uv:
      m_UseWorldSpace: 0
      m_FlipU: 0
      m_FlipV: 0
      m_SwapUV: 0
      m_Fill: 1
      m_Scale: {x: 1, y: 1}
      m_Offset: {x: 0, y: 0}
      m_Rotation: 0
      m_Anchor: 9
    m_Material: {fileID: 2100000, guid: c22777d6e868e4f2fb421913386b154e, type: 2}
    m_SubmeshIndex: 0
    m_ManualUV: 0
    elementGroup: 0
    m_TextureGroup: -1
  m_SharedVertices:
  - m_Vertices: 00000000260000002800000060000000
  - m_Vertices: 01000000270000002b00000063000000
  - m_Vertices: 02000000040000002a0000002e000000
  - m_Vertices: 03000000050000002d00000031000000
  - m_Vertices: 06000000080000003000000034000000
  - m_Vertices: 07000000090000003300000037000000
  - m_Vertices: 0a0000000c000000360000003a000000
  - m_Vertices: 0b0000000d000000390000003d000000
  - m_Vertices: 0e000000100000003c00000040000000
  - m_Vertices: 0f000000110000003f00000043000000
  - m_Vertices: 12000000140000004200000046000000
  - m_Vertices: 13000000150000004500000049000000
  - m_Vertices: 1600000018000000480000004c000000
  - m_Vertices: 17000000190000004b0000004f000000
  - m_Vertices: 1a0000001c0000004e00000052000000
  - m_Vertices: 1b0000001d0000005100000055000000
  - m_Vertices: 1e000000200000005400000058000000
  - m_Vertices: 1f00000021000000570000005b000000
  - m_Vertices: 22000000240000005a0000005e000000
  - m_Vertices: 23000000250000005d00000061000000
  - m_Vertices: 290000002f000000350000003b00000041000000470000004d00000053000000590000005f000000
  - m_Vertices: 2c00000032000000380000003e000000440000004a00000050000000560000005c00000062000000
  m_SharedTextures: []
  m_Positions:
  - {x: 0, y: 0, z: 0}
  - {x: 0, y: 10, z: 0}
  - {x: -1.7188468, y: 0, z: 5.290067}
  - {x: -1.7188468, y: 10, z: 5.290067}
  - {x: -1.7188468, y: 0, z: 5.290067}
  - {x: -1.7188468, y: 10, z: 5.290067}
  - {x: -6.2188473, y: 0, z: 8.559509}
  - {x: -6.2188473, y: 10, z: 8.559509}
  - {x: -6.2188473, y: 0, z: 8.559509}
  - {x: -6.2188473, y: 10, z: 8.559509}
  - {x: -11.781153, y: 0, z: 8.559509}
  - {x: -11.781153, y: 10, z: 8.559509}
  - {x: -11.781153, y: 0, z: 8.559509}
  - {x: -11.781153, y: 10, z: 8.559509}
  - {x: -16.281155, y: 0, z: 5.2900667}
  - {x: -16.281155, y: 10, z: 5.2900667}
  - {x: -16.281155, y: 0, z: 5.2900667}
  - {x: -16.281155, y: 10, z: 5.2900667}
  - {x: -18, y: 0, z: -0.000000786805}
  - {x: -18, y: 10, z: -0.000000786805}
  - {x: -18, y: 0, z: -0.000000786805}
  - {x: -18, y: 10, z: -0.000000786805}
  - {x: -16.281155, y: 0, z: -5.2900662}
  - {x: -16.281155, y: 10, z: -5.2900662}
  - {x: -16.281155, y: 0, z: -5.2900662}
  - {x: -16.281155, y: 10, z: -5.2900662}
  - {x: -11.781154, y: 0, z: -8.559508}
  - {x: -11.781154, y: 10, z: -8.559508}
  - {x: -11.781154, y: 0, z: -8.559508}
  - {x: -11.781154, y: 10, z: -8.559508}
  - {x: -6.218846, y: 0, z: -8.559508}
  - {x: -6.218846, y: 10, z: -8.559508}
  - {x: -6.218846, y: 0, z: -8.559508}
  - {x: -6.218846, y: 10, z: -8.559508}
  - {x: -1.7188473, y: 0, z: -5.2900677}
  - {x: -1.7188473, y: 10, z: -5.2900677}
  - {x: -1.7188473, y: 0, z: -5.2900677}
  - {x: -1.7188473, y: 10, z: -5.2900677}
  - {x: 0, y: 0, z: 0}
  - {x: 0, y: 10, z: 0}
  - {x: 0, y: 0, z: 0}
  - {x: -9, y: 0, z: 0}
  - {x: -1.7188468, y: 0, z: 5.290067}
  - {x: 0, y: 10, z: 0}
  - {x: -9, y: 10, z: 0}
  - {x: -1.7188468, y: 10, z: 5.290067}
  - {x: -1.7188468, y: 0, z: 5.290067}
  - {x: -9, y: 0, z: 0}
  - {x: -6.2188473, y: 0, z: 8.559509}
  - {x: -1.7188468, y: 10, z: 5.290067}
  - {x: -9, y: 10, z: 0}
  - {x: -6.2188473, y: 10, z: 8.559509}
  - {x: -6.2188473, y: 0, z: 8.559509}
  - {x: -9, y: 0, z: 0}
  - {x: -11.781153, y: 0, z: 8.559509}
  - {x: -6.2188473, y: 10, z: 8.559509}
  - {x: -9, y: 10, z: 0}
  - {x: -11.781153, y: 10, z: 8.559509}
  - {x: -11.781153, y: 0, z: 8.559509}
  - {x: -9, y: 0, z: 0}
  - {x: -16.281155, y: 0, z: 5.2900667}
  - {x: -11.781153, y: 10, z: 8.559509}
  - {x: -9, y: 10, z: 0}
  - {x: -16.281155, y: 10, z: 5.2900667}
  - {x: -16.281155, y: 0, z: 5.2900667}
  - {x: -9, y: 0, z: 0}
  - {x: -18, y: 0, z: -0.000000786805}
  - {x: -16.281155, y: 10, z: 5.2900667}
  - {x: -9, y: 10, z: 0}
  - {x: -18, y: 10, z: -0.000000786805}
  - {x: -18, y: 0, z: -0.000000786805}
  - {x: -9, y: 0, z: 0}
  - {x: -16.281155, y: 0, z: -5.2900662}
  - {x: -18, y: 10, z: -0.000000786805}
  - {x: -9, y: 10, z: 0}
  - {x: -16.281155, y: 10, z: -5.2900662}
  - {x: -16.281155, y: 0, z: -5.2900662}
  - {x: -9, y: 0, z: 0}
  - {x: -11.781154, y: 0, z: -8.559508}
  - {x: -16.281155, y: 10, z: -5.2900662}
  - {x: -9, y: 10, z: 0}
  - {x: -11.781154, y: 10, z: -8.559508}
  - {x: -11.781154, y: 0, z: -8.559508}
  - {x: -9, y: 0, z: 0}
  - {x: -6.218846, y: 0, z: -8.559508}
  - {x: -11.781154, y: 10, z: -8.559508}
  - {x: -9, y: 10, z: 0}
  - {x: -6.218846, y: 10, z: -8.559508}
  - {x: -6.218846, y: 0, z: -8.559508}
  - {x: -9, y: 0, z: 0}
  - {x: -1.7188473, y: 0, z: -5.2900677}
  - {x: -6.218846, y: 10, z: -8.559508}
  - {x: -9, y: 10, z: 0}
  - {x: -1.7188473, y: 10, z: -5.2900677}
  - {x: -1.7188473, y: 0, z: -5.2900677}
  - {x: -9, y: 0, z: 0}
  - {x: 0, y: 0, z: 0}
  - {x: -1.7188473, y: 10, z: -5.2900677}
  - {x: -9, y: 10, z: 0}
  - {x: 0, y: 10, z: 0}
  m_Textures0:
  - {x: 0, y: 0}
  - {x: 0, y: 10}
  - {x: 5.562306, y: 0}
  - {x: 5.562306, y: 10}
  - {x: 4.5, y: 0}
  - {x: 4.5, y: 10}
  - {x: 10.062306, y: 0}
  - {x: 10.062306, y: 10}
  - {x: 6.2188473, y: 0}
  - {x: 6.2188473, y: 10}
  - {x: 11.781153, y: 0}
  - {x: 11.781153, y: 10}
  - {x: 4.4999995, y: 0}
  - {x: 4.4999995, y: 10}
  - {x: 10.062307, y: 0}
  - {x: 10.062307, y: 10}
  - {x: -0.0000041145945, y: 0}
  - {x: -0.0000041145945, y: 10}
  - {x: 5.5623016, y: 0}
  - {x: 5.5623016, y: 10}
  - {x: -5.562302, y: 0}
  - {x: -5.562302, y: 10}
  - {x: 0.0000017202306, y: 0}
  - {x: 0.0000017202306, y: 10}
  - {x: -10.062308, y: 0}
  - {x: -10.062308, y: 10}
  - {x: -4.500001, y: 0}
  - {x: -4.500001, y: 10}
  - {x: -11.781154, y: 0}
  - {x: -11.781154, y: 10}
  - {x: -6.218846, y: 0}
  - {x: -6.218846, y: 10}
  - {x: -10.062305, y: 0}
  - {x: -10.062305, y: 10}
  - {x: -4.5000005, y: 0}
  - {x: -4.5000005, y: 10}
  - {x: -5.5623064, y: 0}
  - {x: -5.5623064, y: 10}
  - {x: 0, y: 0}
  - {x: 0, y: 10}
  - {x: 0, y: 0}
  - {x: 9, y: 0}
  - {x: 1.7188468, y: 5.290067}
  - {x: 0, y: 0}
  - {x: -9, y: 0}
  - {x: -1.7188468, y: 5.290067}
  - {x: 1.7188468, y: 5.290067}
  - {x: 9, y: 0}
  - {x: 6.2188473, y: 8.559509}
  - {x: -1.7188468, y: 5.290067}
  - {x: -9, y: 0}
  - {x: -6.2188473, y: 8.559509}
  - {x: 6.2188473, y: 8.559509}
  - {x: 9, y: 0}
  - {x: 11.781153, y: 8.559509}
  - {x: -6.2188473, y: 8.559509}
  - {x: -9, y: 0}
  - {x: -11.781153, y: 8.559509}
  - {x: 11.781153, y: 8.559509}
  - {x: 9, y: 0}
  - {x: 16.281155, y: 5.2900667}
  - {x: -11.781153, y: 8.559509}
  - {x: -9, y: 0}
  - {x: -16.281155, y: 5.2900667}
  - {x: 16.281155, y: 5.2900667}
  - {x: 9, y: 0}
  - {x: 18, y: -0.000000786805}
  - {x: -16.281155, y: 5.2900667}
  - {x: -9, y: 0}
  - {x: -18, y: -0.000000786805}
  - {x: 18, y: -0.000000786805}
  - {x: 9, y: 0}
  - {x: 16.281155, y: -5.2900662}
  - {x: -18, y: -0.000000786805}
  - {x: -9, y: 0}
  - {x: -16.281155, y: -5.2900662}
  - {x: 16.281155, y: -5.2900662}
  - {x: 9, y: 0}
  - {x: 11.781154, y: -8.559508}
  - {x: -16.281155, y: -5.2900662}
  - {x: -9, y: 0}
  - {x: -11.781154, y: -8.559508}
  - {x: 11.781154, y: -8.559508}
  - {x: 9, y: 0}
  - {x: 6.218846, y: -8.559508}
  - {x: -11.781154, y: -8.559508}
  - {x: -9, y: 0}
  - {x: -6.218846, y: -8.559508}
  - {x: 6.218846, y: -8.559508}
  - {x: 9, y: 0}
  - {x: 1.7188473, y: -5.2900677}
  - {x: -6.218846, y: -8.559508}
  - {x: -9, y: 0}
  - {x: -1.7188473, y: -5.2900677}
  - {x: 1.7188473, y: -5.2900677}
  - {x: 9, y: 0}
  - {x: 0, y: 0}
  - {x: -1.7188473, y: -5.2900677}
  - {x: -9, y: 0}
  - {x: 0, y: 0}
  m_Textures2: []
  m_Textures3: []
  m_Tangents:
  - {x: 0.000000031336015, y: 0, z: 1, w: -1}
  - {x: 0.000000031336015, y: 0, z: 1, w: -1}
  - {x: -0.58778524, y: 0, z: 0.809017, w: -1}
  - {x: -0.58778524, y: 0, z: 0.809017, w: -1}
  - {x: -0.5877852, y: 0, z: 0.809017, w: -1}
  - {x: -0.5877852, y: 0, z: 0.809017, w: -1}
  - {x: -0.95105654, y: 0, z: 0.30901697, w: -1}
  - {x: -0.95105654, y: 0, z: 0.30901697, w: -1}
  - {x: -0.95105654, y: 0, z: 0.30901706, w: -1}
  - {x: -0.95105654, y: 0, z: 0.30901706, w: -1}
  - {x: -0.95105654, y: 0, z: -0.309017, w: -1}
  - {x: -0.95105654, y: 0, z: -0.309017, w: -1}
  - {x: -0.95105654, y: 0, z: -0.30901694, w: -1}
  - {x: -0.95105654, y: 0, z: -0.30901694, w: -1}
  - {x: -0.5877851, y: 0, z: -0.8090171, w: -1}
  - {x: -0.5877851, y: 0, z: -0.8090171, w: -1}
  - {x: -0.5877851, y: 0, z: -0.8090171, w: -1}
  - {x: -0.5877851, y: 0, z: -0.8090171, w: -1}
  - {x: 0.00000006267203, y: 0, z: -1, w: -1}
  - {x: 0.00000006267203, y: 0, z: -1, w: -1}
  - {x: 0.00000006267204, y: 0, z: -1, w: -1}
  - {x: 0.00000006267204, y: 0, z: -1, w: -1}
  - {x: 0.58778524, y: 0, z: -0.80901706, w: -1}
  - {x: 0.58778524, y: 0, z: -0.80901706, w: -1}
  - {x: 0.5877852, y: 0, z: -0.80901706, w: -1}
  - {x: 0.5877852, y: 0, z: -0.80901706, w: -1}
  - {x: 0.95105654, y: 0, z: -0.30901697, w: -1}
  - {x: 0.95105654, y: 0, z: -0.30901697, w: -1}
  - {x: 0.95105654, y: 0, z: -0.309017, w: -1}
  - {x: 0.95105654, y: 0, z: -0.309017, w: -1}
  - {x: 0.95105654, y: 0, z: 0.30901706, w: -1}
  - {x: 0.95105654, y: 0, z: 0.30901706, w: -1}
  - {x: 0.95105654, y: 0, z: 0.309017, w: -1}
  - {x: 0.95105654, y: 0, z: 0.309017, w: -1}
  - {x: 0.5877853, y: 0, z: 0.809017, w: -1}
  - {x: 0.5877853, y: 0, z: 0.809017, w: -1}
  - {x: 0.58778524, y: 0, z: 0.809017, w: -1}
  - {x: 0.58778524, y: 0, z: 0.809017, w: -1}
  - {x: 0, y: 0, z: 1, w: -1}
  - {x: 0, y: 0, z: 1, w: -1}
  - {x: -1, y: 0, z: 0, w: -1}
  - {x: -1, y: 0, z: 0, w: -1}
  - {x: -1, y: 0, z: 0, w: -1}
  - {x: 1, y: 0, z: 0, w: -1}
  - {x: 1, y: 0, z: 0, w: -1}
  - {x: 1, y: 0, z: 0, w: -1}
  - {x: -1, y: 0, z: 0, w: -1}
  - {x: -1, y: 0, z: 0, w: -1}
  - {x: -1, y: 0, z: 0, w: -1}
  - {x: 1, y: 0, z: 0, w: -1}
  - {x: 1, y: 0, z: 0, w: -1}
  - {x: 1, y: 0, z: 0, w: -1}
  - {x: -1, y: 0, z: 0, w: -1}
  - {x: -1, y: 0, z: 0, w: -1}
  - {x: -1, y: 0, z: 0, w: -1}
  - {x: 1, y: 0, z: 0, w: -1}
  - {x: 1, y: 0, z: 0, w: -1}
  - {x: 1, y: 0, z: 0, w: -1}
  - {x: -1, y: 0, z: 0, w: -1}
  - {x: -1, y: 0, z: 0, w: -1}
  - {x: -1, y: 0, z: 0, w: -1}
  - {x: 1, y: 0, z: 0, w: -1}
  - {x: 1, y: 0, z: 0, w: -1}
  - {x: 1, y: 0, z: 0, w: -1}
  - {x: -1, y: 0, z: 0, w: -1}
  - {x: -1, y: 0, z: 0, w: -1}
  - {x: -1, y: 0, z: 0, w: -1}
  - {x: 1, y: 0, z: 0, w: -1}
  - {x: 1, y: 0, z: 0, w: -1}
  - {x: 1, y: 0, z: 0, w: -1}
  - {x: -1, y: 0, z: 0, w: -1}
  - {x: -1, y: 0, z: 0, w: -1}
  - {x: -1, y: 0, z: 0, w: -1}
  - {x: 1, y: 0, z: 0, w: -1}
  - {x: 1, y: 0, z: 0, w: -1}
  - {x: 1, y: 0, z: 0, w: -1}
  - {x: -1, y: 0, z: 0, w: -1}
  - {x: -1, y: 0, z: 0, w: -1}
  - {x: -1, y: 0, z: 0, w: -1}
  - {x: 1, y: 0, z: 0, w: -1}
  - {x: 1, y: 0, z: 0, w: -1}
  - {x: 1, y: 0, z: 0, w: -1}
  - {x: -1, y: 0, z: 0, w: -1}
  - {x: -1, y: 0, z: 0, w: -1}
  - {x: -1, y: 0, z: 0, w: -1}
  - {x: 1, y: 0, z: 0, w: -1}
  - {x: 1, y: 0, z: 0, w: -1}
  - {x: 1, y: 0, z: 0, w: -1}
  - {x: -1, y: 0, z: 0, w: -1}
  - {x: -1, y: 0, z: 0, w: -1}
  - {x: -1, y: 0, z: 0, w: -1}
  - {x: 1, y: 0, z: 0, w: -1}
  - {x: 1, y: 0, z: 0, w: -1}
  - {x: 1, y: 0, z: 0, w: -1}
  - {x: -1, y: 0, z: 0, w: -1}
  - {x: -1, y: 0, z: 0, w: -1}
  - {x: -1, y: 0, z: 0, w: -1}
  - {x: 1, y: 0, z: 0, w: -1}
  - {x: 1, y: 0, z: 0, w: -1}
  - {x: 1, y: 0, z: 0, w: -1}
  m_Colors: []
  m_UnwrapParameters:
    m_HardAngle: 88
    m_PackMargin: 20
    m_AngleError: 8
    m_AreaError: 15
  m_PreserveMeshAssetOnDestroy: 0
  assetGuid: 
  m_Mesh: {fileID: 0}
  m_IsSelectable: 1
  m_SelectedFaces: 
  m_SelectedEdges: []
  m_SelectedVertices: 
--- !u!23 &4204808578150101584
MeshRenderer:
  m_ObjectHideFlags: 0
  m_CorrespondingSourceObject: {fileID: 0}
  m_PrefabInstance: {fileID: 0}
  m_PrefabAsset: {fileID: 0}
  m_GameObject: {fileID: 4204808578150101599}
  m_Enabled: 1
  m_CastShadows: 1
  m_ReceiveShadows: 1
  m_DynamicOccludee: 1
  m_MotionVectors: 1
  m_LightProbeUsage: 1
  m_ReflectionProbeUsage: 1
  m_RayTracingMode: 2
  m_RenderingLayerMask: 1
  m_RendererPriority: 0
  m_Materials:
  - {fileID: 2100000, guid: c4c6cc468aabc4fa1aeb2ffa3a00bded, type: 2}
  m_StaticBatchInfo:
    firstSubMesh: 0
    subMeshCount: 0
  m_StaticBatchRoot: {fileID: 0}
  m_ProbeAnchor: {fileID: 0}
  m_LightProbeVolumeOverride: {fileID: 0}
  m_ScaleInLightmap: 1
  m_ReceiveGI: 1
  m_PreserveUVs: 0
  m_IgnoreNormalsForChartDetection: 0
  m_ImportantGI: 0
  m_StitchLightmapSeams: 1
  m_SelectedEditorRenderState: 2
  m_MinimumChartSize: 4
  m_AutoUVMaxDistance: 0.5
  m_AutoUVMaxAngle: 89
  m_LightmapParameters: {fileID: 0}
  m_SortingLayerID: 0
  m_SortingLayer: 0
  m_SortingOrder: 0
--- !u!33 &4204808578150101585
MeshFilter:
  m_ObjectHideFlags: 0
  m_CorrespondingSourceObject: {fileID: 0}
  m_PrefabInstance: {fileID: 0}
  m_PrefabAsset: {fileID: 0}
  m_GameObject: {fileID: 4204808578150101599}
  m_Mesh: {fileID: 0}
--- !u!64 &4204808578150101598
MeshCollider:
  m_ObjectHideFlags: 0
  m_CorrespondingSourceObject: {fileID: 0}
  m_PrefabInstance: {fileID: 0}
  m_PrefabAsset: {fileID: 0}
  m_GameObject: {fileID: 4204808578150101599}
  m_Material: {fileID: 0}
  m_IsTrigger: 0
  m_Enabled: 1
  serializedVersion: 4
  m_Convex: 0
  m_CookingOptions: 30
  m_Mesh: {fileID: 0}
--- !u!1 &5621501583962215740
GameObject:
  m_ObjectHideFlags: 0
  m_CorrespondingSourceObject: {fileID: 0}
  m_PrefabInstance: {fileID: 0}
  m_PrefabAsset: {fileID: 0}
  serializedVersion: 6
  m_Component:
  - component: {fileID: 6774958142918673407}
  - component: {fileID: 8516516195660509524}
  - component: {fileID: 8331787058551160991}
  - component: {fileID: 5913842614679868801}
  - component: {fileID: 107689000229460315}
  m_Layer: 0
  m_Name: Cylinder (5)
  m_TagString: Untagged
  m_Icon: {fileID: 0}
  m_NavMeshLayer: 0
  m_StaticEditorFlags: 0
  m_IsActive: 1
--- !u!4 &6774958142918673407
Transform:
  m_ObjectHideFlags: 0
  m_CorrespondingSourceObject: {fileID: 0}
  m_PrefabInstance: {fileID: 0}
  m_PrefabAsset: {fileID: 0}
  m_GameObject: {fileID: 5621501583962215740}
  m_LocalRotation: {x: -0, y: -0, z: -0, w: 1}
  m_LocalPosition: {x: -1.8499985, y: -1.3800001, z: -1.04}
  m_LocalScale: {x: 1, y: 1, z: 1}
  m_Children: []
  m_Father: {fileID: 4204808578150101586}
  m_RootOrder: 0
  m_LocalEulerAnglesHint: {x: 0, y: 0, z: 0}
--- !u!114 &8516516195660509524
MonoBehaviour:
  m_ObjectHideFlags: 0
  m_CorrespondingSourceObject: {fileID: 0}
  m_PrefabInstance: {fileID: 0}
  m_PrefabAsset: {fileID: 0}
  m_GameObject: {fileID: 5621501583962215740}
  m_Enabled: 1
  m_EditorHideFlags: 0
  m_Script: {fileID: 11500000, guid: 8233d90336aea43098adf6dbabd606a2, type: 3}
  m_Name: 
  m_EditorClassIdentifier: 
  m_MeshFormatVersion: 1
  m_Faces:
  - m_Indexes: 000000000100000002000000010000000300000002000000
    m_SmoothingGroup: 1
    m_Uv:
      m_UseWorldSpace: 0
      m_FlipU: 0
      m_FlipV: 0
      m_SwapUV: 0
      m_Fill: 1
      m_Scale: {x: 1, y: 1}
      m_Offset: {x: 0, y: 0}
      m_Rotation: 0
      m_Anchor: 9
    m_Material: {fileID: 0}
    m_SubmeshIndex: 0
    m_ManualUV: 0
    elementGroup: -1
    m_TextureGroup: -1
  - m_Indexes: 040000000500000006000000050000000700000006000000
    m_SmoothingGroup: 1
    m_Uv:
      m_UseWorldSpace: 0
      m_FlipU: 0
      m_FlipV: 0
      m_SwapUV: 0
      m_Fill: 1
      m_Scale: {x: 1, y: 1}
      m_Offset: {x: 0, y: 0}
      m_Rotation: 0
      m_Anchor: 9
    m_Material: {fileID: 0}
    m_SubmeshIndex: 0
    m_ManualUV: 0
    elementGroup: -1
    m_TextureGroup: -1
  - m_Indexes: 08000000090000000a000000090000000b0000000a000000
    m_SmoothingGroup: 1
    m_Uv:
      m_UseWorldSpace: 0
      m_FlipU: 0
      m_FlipV: 0
      m_SwapUV: 0
      m_Fill: 1
      m_Scale: {x: 1, y: 1}
      m_Offset: {x: 0, y: 0}
      m_Rotation: 0
      m_Anchor: 9
    m_Material: {fileID: 0}
    m_SubmeshIndex: 0
    m_ManualUV: 0
    elementGroup: -1
    m_TextureGroup: -1
  - m_Indexes: 0c0000000d0000000e0000000d0000000f0000000e000000
    m_SmoothingGroup: 1
    m_Uv:
      m_UseWorldSpace: 0
      m_FlipU: 0
      m_FlipV: 0
      m_SwapUV: 0
      m_Fill: 1
      m_Scale: {x: 1, y: 1}
      m_Offset: {x: 0, y: 0}
      m_Rotation: 0
      m_Anchor: 9
    m_Material: {fileID: 0}
    m_SubmeshIndex: 0
    m_ManualUV: 0
    elementGroup: -1
    m_TextureGroup: -1
  - m_Indexes: 100000001100000012000000110000001300000012000000
    m_SmoothingGroup: 1
    m_Uv:
      m_UseWorldSpace: 0
      m_FlipU: 0
      m_FlipV: 0
      m_SwapUV: 0
      m_Fill: 1
      m_Scale: {x: 1, y: 1}
      m_Offset: {x: 0, y: 0}
      m_Rotation: 0
      m_Anchor: 9
    m_Material: {fileID: 0}
    m_SubmeshIndex: 0
    m_ManualUV: 0
    elementGroup: -1
    m_TextureGroup: -1
  - m_Indexes: 140000001500000016000000150000001700000016000000
    m_SmoothingGroup: 1
    m_Uv:
      m_UseWorldSpace: 0
      m_FlipU: 0
      m_FlipV: 0
      m_SwapUV: 0
      m_Fill: 1
      m_Scale: {x: 1, y: 1}
      m_Offset: {x: 0, y: 0}
      m_Rotation: 0
      m_Anchor: 9
    m_Material: {fileID: 0}
    m_SubmeshIndex: 0
    m_ManualUV: 0
    elementGroup: -1
    m_TextureGroup: -1
  - m_Indexes: 18000000190000001a000000190000001b0000001a000000
    m_SmoothingGroup: 1
    m_Uv:
      m_UseWorldSpace: 0
      m_FlipU: 0
      m_FlipV: 0
      m_SwapUV: 0
      m_Fill: 1
      m_Scale: {x: 1, y: 1}
      m_Offset: {x: 0, y: 0}
      m_Rotation: 0
      m_Anchor: 9
    m_Material: {fileID: 0}
    m_SubmeshIndex: 0
    m_ManualUV: 0
    elementGroup: -1
    m_TextureGroup: -1
  - m_Indexes: 1c0000001d0000001e0000001d0000001f0000001e000000
    m_SmoothingGroup: 1
    m_Uv:
      m_UseWorldSpace: 0
      m_FlipU: 0
      m_FlipV: 0
      m_SwapUV: 0
      m_Fill: 1
      m_Scale: {x: 1, y: 1}
      m_Offset: {x: 0, y: 0}
      m_Rotation: 0
      m_Anchor: 9
    m_Material: {fileID: 0}
    m_SubmeshIndex: 0
    m_ManualUV: 0
    elementGroup: -1
    m_TextureGroup: -1
  - m_Indexes: 200000002100000022000000210000002300000022000000
    m_SmoothingGroup: 1
    m_Uv:
      m_UseWorldSpace: 0
      m_FlipU: 0
      m_FlipV: 0
      m_SwapUV: 0
      m_Fill: 1
      m_Scale: {x: 1, y: 1}
      m_Offset: {x: 0, y: 0}
      m_Rotation: 0
      m_Anchor: 9
    m_Material: {fileID: 0}
    m_SubmeshIndex: 0
    m_ManualUV: 0
    elementGroup: -1
    m_TextureGroup: -1
  - m_Indexes: 240000002500000026000000250000002700000026000000
    m_SmoothingGroup: 1
    m_Uv:
      m_UseWorldSpace: 0
      m_FlipU: 0
      m_FlipV: 0
      m_SwapUV: 0
      m_Fill: 1
      m_Scale: {x: 1, y: 1}
      m_Offset: {x: 0, y: 0}
      m_Rotation: 0
      m_Anchor: 9
    m_Material: {fileID: 0}
    m_SubmeshIndex: 0
    m_ManualUV: 0
    elementGroup: -1
    m_TextureGroup: -1
  - m_Indexes: 2a0000002900000028000000
    m_SmoothingGroup: 0
    m_Uv:
      m_UseWorldSpace: 0
      m_FlipU: 0
      m_FlipV: 0
      m_SwapUV: 0
      m_Fill: 1
      m_Scale: {x: 1, y: 1}
      m_Offset: {x: 0, y: 0}
      m_Rotation: 0
      m_Anchor: 9
    m_Material: {fileID: 2100000, guid: c22777d6e868e4f2fb421913386b154e, type: 2}
    m_SubmeshIndex: 0
    m_ManualUV: 0
    elementGroup: 0
    m_TextureGroup: -1
  - m_Indexes: 300000002f0000002e000000
    m_SmoothingGroup: 0
    m_Uv:
      m_UseWorldSpace: 0
      m_FlipU: 0
      m_FlipV: 0
      m_SwapUV: 0
      m_Fill: 1
      m_Scale: {x: 1, y: 1}
      m_Offset: {x: 0, y: 0}
      m_Rotation: 0
      m_Anchor: 9
    m_Material: {fileID: 2100000, guid: c22777d6e868e4f2fb421913386b154e, type: 2}
    m_SubmeshIndex: 0
    m_ManualUV: 0
    elementGroup: 0
    m_TextureGroup: -1
  - m_Indexes: 360000003500000034000000
    m_SmoothingGroup: 0
    m_Uv:
      m_UseWorldSpace: 0
      m_FlipU: 0
      m_FlipV: 0
      m_SwapUV: 0
      m_Fill: 1
      m_Scale: {x: 1, y: 1}
      m_Offset: {x: 0, y: 0}
      m_Rotation: 0
      m_Anchor: 9
    m_Material: {fileID: 2100000, guid: c22777d6e868e4f2fb421913386b154e, type: 2}
    m_SubmeshIndex: 0
    m_ManualUV: 0
    elementGroup: 0
    m_TextureGroup: -1
  - m_Indexes: 3c0000003b0000003a000000
    m_SmoothingGroup: 0
    m_Uv:
      m_UseWorldSpace: 0
      m_FlipU: 0
      m_FlipV: 0
      m_SwapUV: 0
      m_Fill: 1
      m_Scale: {x: 1, y: 1}
      m_Offset: {x: 0, y: 0}
      m_Rotation: 0
      m_Anchor: 9
    m_Material: {fileID: 2100000, guid: c22777d6e868e4f2fb421913386b154e, type: 2}
    m_SubmeshIndex: 0
    m_ManualUV: 0
    elementGroup: 0
    m_TextureGroup: -1
  - m_Indexes: 420000004100000040000000
    m_SmoothingGroup: 0
    m_Uv:
      m_UseWorldSpace: 0
      m_FlipU: 0
      m_FlipV: 0
      m_SwapUV: 0
      m_Fill: 1
      m_Scale: {x: 1, y: 1}
      m_Offset: {x: 0, y: 0}
      m_Rotation: 0
      m_Anchor: 9
    m_Material: {fileID: 2100000, guid: c22777d6e868e4f2fb421913386b154e, type: 2}
    m_SubmeshIndex: 0
    m_ManualUV: 0
    elementGroup: 0
    m_TextureGroup: -1
  - m_Indexes: 480000004700000046000000
    m_SmoothingGroup: 0
    m_Uv:
      m_UseWorldSpace: 0
      m_FlipU: 0
      m_FlipV: 0
      m_SwapUV: 0
      m_Fill: 1
      m_Scale: {x: 1, y: 1}
      m_Offset: {x: 0, y: 0}
      m_Rotation: 0
      m_Anchor: 9
    m_Material: {fileID: 2100000, guid: c22777d6e868e4f2fb421913386b154e, type: 2}
    m_SubmeshIndex: 0
    m_ManualUV: 0
    elementGroup: 0
    m_TextureGroup: -1
  - m_Indexes: 4e0000004d0000004c000000
    m_SmoothingGroup: 0
    m_Uv:
      m_UseWorldSpace: 0
      m_FlipU: 0
      m_FlipV: 0
      m_SwapUV: 0
      m_Fill: 1
      m_Scale: {x: 1, y: 1}
      m_Offset: {x: 0, y: 0}
      m_Rotation: 0
      m_Anchor: 9
    m_Material: {fileID: 2100000, guid: c22777d6e868e4f2fb421913386b154e, type: 2}
    m_SubmeshIndex: 0
    m_ManualUV: 0
    elementGroup: 0
    m_TextureGroup: -1
  - m_Indexes: 540000005300000052000000
    m_SmoothingGroup: 0
    m_Uv:
      m_UseWorldSpace: 0
      m_FlipU: 0
      m_FlipV: 0
      m_SwapUV: 0
      m_Fill: 1
      m_Scale: {x: 1, y: 1}
      m_Offset: {x: 0, y: 0}
      m_Rotation: 0
      m_Anchor: 9
    m_Material: {fileID: 2100000, guid: c22777d6e868e4f2fb421913386b154e, type: 2}
    m_SubmeshIndex: 0
    m_ManualUV: 0
    elementGroup: 0
    m_TextureGroup: -1
  - m_Indexes: 5a0000005900000058000000
    m_SmoothingGroup: 0
    m_Uv:
      m_UseWorldSpace: 0
      m_FlipU: 0
      m_FlipV: 0
      m_SwapUV: 0
      m_Fill: 1
      m_Scale: {x: 1, y: 1}
      m_Offset: {x: 0, y: 0}
      m_Rotation: 0
      m_Anchor: 9
    m_Material: {fileID: 2100000, guid: c22777d6e868e4f2fb421913386b154e, type: 2}
    m_SubmeshIndex: 0
    m_ManualUV: 0
    elementGroup: 0
    m_TextureGroup: -1
  - m_Indexes: 600000005f0000005e000000
    m_SmoothingGroup: 0
    m_Uv:
      m_UseWorldSpace: 0
      m_FlipU: 0
      m_FlipV: 0
      m_SwapUV: 0
      m_Fill: 1
      m_Scale: {x: 1, y: 1}
      m_Offset: {x: 0, y: 0}
      m_Rotation: 0
      m_Anchor: 9
    m_Material: {fileID: 2100000, guid: c22777d6e868e4f2fb421913386b154e, type: 2}
    m_SubmeshIndex: 0
    m_ManualUV: 0
    elementGroup: 0
    m_TextureGroup: -1
  - m_Indexes: 2b0000002c0000002d000000
    m_SmoothingGroup: 0
    m_Uv:
      m_UseWorldSpace: 0
      m_FlipU: 0
      m_FlipV: 0
      m_SwapUV: 0
      m_Fill: 1
      m_Scale: {x: 1, y: 1}
      m_Offset: {x: 0, y: 0}
      m_Rotation: 0
      m_Anchor: 9
    m_Material: {fileID: 2100000, guid: c22777d6e868e4f2fb421913386b154e, type: 2}
    m_SubmeshIndex: 0
    m_ManualUV: 0
    elementGroup: 0
    m_TextureGroup: -1
  - m_Indexes: 310000003200000033000000
    m_SmoothingGroup: 0
    m_Uv:
      m_UseWorldSpace: 0
      m_FlipU: 0
      m_FlipV: 0
      m_SwapUV: 0
      m_Fill: 1
      m_Scale: {x: 1, y: 1}
      m_Offset: {x: 0, y: 0}
      m_Rotation: 0
      m_Anchor: 9
    m_Material: {fileID: 2100000, guid: c22777d6e868e4f2fb421913386b154e, type: 2}
    m_SubmeshIndex: 0
    m_ManualUV: 0
    elementGroup: 0
    m_TextureGroup: -1
  - m_Indexes: 370000003800000039000000
    m_SmoothingGroup: 0
    m_Uv:
      m_UseWorldSpace: 0
      m_FlipU: 0
      m_FlipV: 0
      m_SwapUV: 0
      m_Fill: 1
      m_Scale: {x: 1, y: 1}
      m_Offset: {x: 0, y: 0}
      m_Rotation: 0
      m_Anchor: 9
    m_Material: {fileID: 2100000, guid: c22777d6e868e4f2fb421913386b154e, type: 2}
    m_SubmeshIndex: 0
    m_ManualUV: 0
    elementGroup: 0
    m_TextureGroup: -1
  - m_Indexes: 3d0000003e0000003f000000
    m_SmoothingGroup: 0
    m_Uv:
      m_UseWorldSpace: 0
      m_FlipU: 0
      m_FlipV: 0
      m_SwapUV: 0
      m_Fill: 1
      m_Scale: {x: 1, y: 1}
      m_Offset: {x: 0, y: 0}
      m_Rotation: 0
      m_Anchor: 9
    m_Material: {fileID: 2100000, guid: c22777d6e868e4f2fb421913386b154e, type: 2}
    m_SubmeshIndex: 0
    m_ManualUV: 0
    elementGroup: 0
    m_TextureGroup: -1
  - m_Indexes: 430000004400000045000000
    m_SmoothingGroup: 0
    m_Uv:
      m_UseWorldSpace: 0
      m_FlipU: 0
      m_FlipV: 0
      m_SwapUV: 0
      m_Fill: 1
      m_Scale: {x: 1, y: 1}
      m_Offset: {x: 0, y: 0}
      m_Rotation: 0
      m_Anchor: 9
    m_Material: {fileID: 2100000, guid: c22777d6e868e4f2fb421913386b154e, type: 2}
    m_SubmeshIndex: 0
    m_ManualUV: 0
    elementGroup: 0
    m_TextureGroup: -1
  - m_Indexes: 490000004a0000004b000000
    m_SmoothingGroup: 0
    m_Uv:
      m_UseWorldSpace: 0
      m_FlipU: 0
      m_FlipV: 0
      m_SwapUV: 0
      m_Fill: 1
      m_Scale: {x: 1, y: 1}
      m_Offset: {x: 0, y: 0}
      m_Rotation: 0
      m_Anchor: 9
    m_Material: {fileID: 2100000, guid: c22777d6e868e4f2fb421913386b154e, type: 2}
    m_SubmeshIndex: 0
    m_ManualUV: 0
    elementGroup: 0
    m_TextureGroup: -1
  - m_Indexes: 4f0000005000000051000000
    m_SmoothingGroup: 0
    m_Uv:
      m_UseWorldSpace: 0
      m_FlipU: 0
      m_FlipV: 0
      m_SwapUV: 0
      m_Fill: 1
      m_Scale: {x: 1, y: 1}
      m_Offset: {x: 0, y: 0}
      m_Rotation: 0
      m_Anchor: 9
    m_Material: {fileID: 2100000, guid: c22777d6e868e4f2fb421913386b154e, type: 2}
    m_SubmeshIndex: 0
    m_ManualUV: 0
    elementGroup: 0
    m_TextureGroup: -1
  - m_Indexes: 550000005600000057000000
    m_SmoothingGroup: 0
    m_Uv:
      m_UseWorldSpace: 0
      m_FlipU: 0
      m_FlipV: 0
      m_SwapUV: 0
      m_Fill: 1
      m_Scale: {x: 1, y: 1}
      m_Offset: {x: 0, y: 0}
      m_Rotation: 0
      m_Anchor: 9
    m_Material: {fileID: 2100000, guid: c22777d6e868e4f2fb421913386b154e, type: 2}
    m_SubmeshIndex: 0
    m_ManualUV: 0
    elementGroup: 0
    m_TextureGroup: -1
  - m_Indexes: 5b0000005c0000005d000000
    m_SmoothingGroup: 0
    m_Uv:
      m_UseWorldSpace: 0
      m_FlipU: 0
      m_FlipV: 0
      m_SwapUV: 0
      m_Fill: 1
      m_Scale: {x: 1, y: 1}
      m_Offset: {x: 0, y: 0}
      m_Rotation: 0
      m_Anchor: 9
    m_Material: {fileID: 2100000, guid: c22777d6e868e4f2fb421913386b154e, type: 2}
    m_SubmeshIndex: 0
    m_ManualUV: 0
    elementGroup: 0
    m_TextureGroup: -1
  - m_Indexes: 610000006200000063000000
    m_SmoothingGroup: 0
    m_Uv:
      m_UseWorldSpace: 0
      m_FlipU: 0
      m_FlipV: 0
      m_SwapUV: 0
      m_Fill: 1
      m_Scale: {x: 1, y: 1}
      m_Offset: {x: 0, y: 0}
      m_Rotation: 0
      m_Anchor: 9
    m_Material: {fileID: 2100000, guid: c22777d6e868e4f2fb421913386b154e, type: 2}
    m_SubmeshIndex: 0
    m_ManualUV: 0
    elementGroup: 0
    m_TextureGroup: -1
  m_SharedVertices:
  - m_Vertices: 00000000260000002800000060000000
  - m_Vertices: 01000000270000002b00000063000000
  - m_Vertices: 02000000040000002a0000002e000000
  - m_Vertices: 03000000050000002d00000031000000
  - m_Vertices: 06000000080000003000000034000000
  - m_Vertices: 07000000090000003300000037000000
  - m_Vertices: 0a0000000c000000360000003a000000
  - m_Vertices: 0b0000000d000000390000003d000000
  - m_Vertices: 0e000000100000003c00000040000000
  - m_Vertices: 0f000000110000003f00000043000000
  - m_Vertices: 12000000140000004200000046000000
  - m_Vertices: 13000000150000004500000049000000
  - m_Vertices: 1600000018000000480000004c000000
  - m_Vertices: 17000000190000004b0000004f000000
  - m_Vertices: 1a0000001c0000004e00000052000000
  - m_Vertices: 1b0000001d0000005100000055000000
  - m_Vertices: 1e000000200000005400000058000000
  - m_Vertices: 1f00000021000000570000005b000000
  - m_Vertices: 22000000240000005a0000005e000000
  - m_Vertices: 23000000250000005d00000061000000
  - m_Vertices: 290000002f000000350000003b00000041000000470000004d00000053000000590000005f000000
  - m_Vertices: 2c00000032000000380000003e000000440000004a00000050000000560000005c00000062000000
  m_SharedTextures: []
  m_Positions:
  - {x: 0, y: 0, z: 0}
  - {x: 0, y: 10, z: 0}
  - {x: -1.3368812, y: 0, z: 4.1144967}
  - {x: -1.3368812, y: 10, z: 4.1144967}
  - {x: -1.3368812, y: 0, z: 4.1144967}
  - {x: -1.3368812, y: 10, z: 4.1144967}
  - {x: -4.836881, y: 0, z: 6.657396}
  - {x: -4.836881, y: 10, z: 6.657396}
  - {x: -4.836881, y: 0, z: 6.657396}
  - {x: -4.836881, y: 10, z: 6.657396}
  - {x: -9.163118, y: 0, z: 6.657396}
  - {x: -9.163118, y: 10, z: 6.657396}
  - {x: -9.163118, y: 0, z: 6.657396}
  - {x: -9.163118, y: 10, z: 6.657396}
  - {x: -12.663119, y: 0, z: 4.114496}
  - {x: -12.663119, y: 10, z: 4.114496}
  - {x: -12.663119, y: 0, z: 4.114496}
  - {x: -12.663119, y: 10, z: 4.114496}
  - {x: -14, y: 0, z: -0.0000006119594}
  - {x: -14, y: 10, z: -0.0000006119594}
  - {x: -14, y: 0, z: -0.0000006119594}
  - {x: -14, y: 10, z: -0.0000006119594}
  - {x: -12.663119, y: 0, z: -4.1144958}
  - {x: -12.663119, y: 10, z: -4.1144958}
  - {x: -12.663119, y: 0, z: -4.1144958}
  - {x: -12.663119, y: 10, z: -4.1144958}
  - {x: -9.163119, y: 0, z: -6.6573954}
  - {x: -9.163119, y: 10, z: -6.6573954}
  - {x: -9.163119, y: 0, z: -6.6573954}
  - {x: -9.163119, y: 10, z: -6.6573954}
  - {x: -4.83688, y: 0, z: -6.6573954}
  - {x: -4.83688, y: 10, z: -6.6573954}
  - {x: -4.83688, y: 0, z: -6.6573954}
  - {x: -4.83688, y: 10, z: -6.6573954}
  - {x: -1.3368816, y: 0, z: -4.114497}
  - {x: -1.3368816, y: 10, z: -4.114497}
  - {x: -1.3368816, y: 0, z: -4.114497}
  - {x: -1.3368816, y: 10, z: -4.114497}
  - {x: 0, y: 0, z: 0}
  - {x: 0, y: 10, z: 0}
  - {x: 0, y: 0, z: 0}
  - {x: -7, y: 0, z: 0}
  - {x: -1.3368812, y: 0, z: 4.1144967}
  - {x: 0, y: 10, z: 0}
  - {x: -7, y: 10, z: 0}
  - {x: -1.3368812, y: 10, z: 4.1144967}
  - {x: -1.3368812, y: 0, z: 4.1144967}
  - {x: -7, y: 0, z: 0}
  - {x: -4.836881, y: 0, z: 6.657396}
  - {x: -1.3368812, y: 10, z: 4.1144967}
  - {x: -7, y: 10, z: 0}
  - {x: -4.836881, y: 10, z: 6.657396}
  - {x: -4.836881, y: 0, z: 6.657396}
  - {x: -7, y: 0, z: 0}
  - {x: -9.163118, y: 0, z: 6.657396}
  - {x: -4.836881, y: 10, z: 6.657396}
  - {x: -7, y: 10, z: 0}
  - {x: -9.163118, y: 10, z: 6.657396}
  - {x: -9.163118, y: 0, z: 6.657396}
  - {x: -7, y: 0, z: 0}
  - {x: -12.663119, y: 0, z: 4.114496}
  - {x: -9.163118, y: 10, z: 6.657396}
  - {x: -7, y: 10, z: 0}
  - {x: -12.663119, y: 10, z: 4.114496}
  - {x: -12.663119, y: 0, z: 4.114496}
  - {x: -7, y: 0, z: 0}
  - {x: -14, y: 0, z: -0.0000006119594}
  - {x: -12.663119, y: 10, z: 4.114496}
  - {x: -7, y: 10, z: 0}
  - {x: -14, y: 10, z: -0.0000006119594}
  - {x: -14, y: 0, z: -0.0000006119594}
  - {x: -7, y: 0, z: 0}
  - {x: -12.663119, y: 0, z: -4.1144958}
  - {x: -14, y: 10, z: -0.0000006119594}
  - {x: -7, y: 10, z: 0}
  - {x: -12.663119, y: 10, z: -4.1144958}
  - {x: -12.663119, y: 0, z: -4.1144958}
  - {x: -7, y: 0, z: 0}
  - {x: -9.163119, y: 0, z: -6.6573954}
  - {x: -12.663119, y: 10, z: -4.1144958}
  - {x: -7, y: 10, z: 0}
  - {x: -9.163119, y: 10, z: -6.6573954}
  - {x: -9.163119, y: 0, z: -6.6573954}
  - {x: -7, y: 0, z: 0}
  - {x: -4.83688, y: 0, z: -6.6573954}
  - {x: -9.163119, y: 10, z: -6.6573954}
  - {x: -7, y: 10, z: 0}
  - {x: -4.83688, y: 10, z: -6.6573954}
  - {x: -4.83688, y: 0, z: -6.6573954}
  - {x: -7, y: 0, z: 0}
  - {x: -1.3368816, y: 0, z: -4.114497}
  - {x: -4.83688, y: 10, z: -6.6573954}
  - {x: -7, y: 10, z: 0}
  - {x: -1.3368816, y: 10, z: -4.114497}
  - {x: -1.3368816, y: 0, z: -4.114497}
  - {x: -7, y: 0, z: 0}
  - {x: 0, y: 0, z: 0}
  - {x: -1.3368816, y: 10, z: -4.114497}
  - {x: -7, y: 10, z: 0}
  - {x: 0, y: 10, z: 0}
  m_Textures0:
  - {x: 0, y: 0}
  - {x: 0, y: 10}
  - {x: 4.3262377, y: 0}
  - {x: 4.3262377, y: 10}
  - {x: 3.5000002, y: 0}
  - {x: 3.5000002, y: 10}
  - {x: 7.8262386, y: 0}
  - {x: 7.8262386, y: 10}
  - {x: 4.836881, y: 0}
  - {x: 4.836881, y: 10}
  - {x: 9.163118, y: 0}
  - {x: 9.163118, y: 10}
  - {x: 3.4999986, y: 0}
  - {x: 3.4999986, y: 10}
  - {x: 7.8262377, y: 0}
  - {x: 7.8262377, y: 10}
  - {x: -0.00000026194525, y: 0}
  - {x: -0.00000026194525, y: 10}
  - {x: 4.326237, y: 0}
  - {x: 4.326237, y: 10}
  - {x: -4.3262377, y: 0}
  - {x: -4.3262377, y: 10}
  - {x: -0.0000017011153, y: 0}
  - {x: -0.0000017011153, y: 10}
  - {x: -7.8262377, y: 0}
  - {x: -7.8262377, y: 10}
  - {x: -3.4999988, y: 0}
  - {x: -3.4999988, y: 10}
  - {x: -9.163119, y: 0}
  - {x: -9.163119, y: 10}
  - {x: -4.83688, y: 0}
  - {x: -4.83688, y: 10}
  - {x: -7.826237, y: 0}
  - {x: -7.826237, y: 10}
  - {x: -3.500001, y: 0}
  - {x: -3.500001, y: 10}
  - {x: -4.3262386, y: 0}
  - {x: -4.3262386, y: 10}
  - {x: 0, y: 0}
  - {x: 0, y: 10}
  - {x: 0, y: 0}
  - {x: 7, y: 0}
  - {x: 1.3368812, y: 4.1144967}
  - {x: 0, y: 0}
  - {x: -7, y: 0}
  - {x: -1.3368812, y: 4.1144967}
  - {x: 1.3368812, y: 4.1144967}
  - {x: 7, y: 0}
  - {x: 4.836881, y: 6.657396}
  - {x: -1.3368812, y: 4.1144967}
  - {x: -7, y: 0}
  - {x: -4.836881, y: 6.657396}
  - {x: 4.836881, y: 6.657396}
  - {x: 7, y: 0}
  - {x: 9.163118, y: 6.657396}
  - {x: -4.836881, y: 6.657396}
  - {x: -7, y: 0}
  - {x: -9.163118, y: 6.657396}
  - {x: 9.163118, y: 6.657396}
  - {x: 7, y: 0}
  - {x: 12.663119, y: 4.114496}
  - {x: -9.163118, y: 6.657396}
  - {x: -7, y: 0}
  - {x: -12.663119, y: 4.114496}
  - {x: 12.663119, y: 4.114496}
  - {x: 7, y: 0}
  - {x: 14, y: -0.0000006119594}
  - {x: -12.663119, y: 4.114496}
  - {x: -7, y: 0}
  - {x: -14, y: -0.0000006119594}
  - {x: 14, y: -0.0000006119594}
  - {x: 7, y: 0}
  - {x: 12.663119, y: -4.1144958}
  - {x: -14, y: -0.0000006119594}
  - {x: -7, y: 0}
  - {x: -12.663119, y: -4.1144958}
  - {x: 12.663119, y: -4.1144958}
  - {x: 7, y: 0}
  - {x: 9.163119, y: -6.6573954}
  - {x: -12.663119, y: -4.1144958}
  - {x: -7, y: 0}
  - {x: -9.163119, y: -6.6573954}
  - {x: 9.163119, y: -6.6573954}
  - {x: 7, y: 0}
  - {x: 4.83688, y: -6.6573954}
  - {x: -9.163119, y: -6.6573954}
  - {x: -7, y: 0}
  - {x: -4.83688, y: -6.6573954}
  - {x: 4.83688, y: -6.6573954}
  - {x: 7, y: 0}
  - {x: 1.3368816, y: -4.114497}
  - {x: -4.83688, y: -6.6573954}
  - {x: -7, y: 0}
  - {x: -1.3368816, y: -4.114497}
  - {x: 1.3368816, y: -4.114497}
  - {x: 7, y: 0}
  - {x: 0, y: 0}
  - {x: -1.3368816, y: -4.114497}
  - {x: -7, y: 0}
  - {x: 0, y: 0}
  m_Textures2: []
  m_Textures3: []
  m_Tangents:
  - {x: 0.000000031336015, y: 0, z: 1, w: -1}
  - {x: 0.000000031336015, y: 0, z: 1, w: -1}
  - {x: -0.5877853, y: 0, z: 0.80901694, w: -1}
  - {x: -0.5877853, y: 0, z: 0.80901694, w: -1}
  - {x: -0.5877853, y: 0, z: 0.809017, w: -1}
  - {x: -0.5877853, y: 0, z: 0.809017, w: -1}
  - {x: -0.95105654, y: 0, z: 0.309017, w: -1}
  - {x: -0.95105654, y: 0, z: 0.309017, w: -1}
  - {x: -0.95105654, y: 0, z: 0.30901706, w: -1}
  - {x: -0.95105654, y: 0, z: 0.30901706, w: -1}
  - {x: -0.95105654, y: 0, z: -0.30901706, w: -1}
  - {x: -0.95105654, y: 0, z: -0.30901706, w: -1}
  - {x: -0.95105654, y: 0, z: -0.30901697, w: -1}
  - {x: -0.95105654, y: 0, z: -0.30901697, w: -1}
  - {x: -0.58778524, y: 0, z: -0.809017, w: -1}
  - {x: -0.58778524, y: 0, z: -0.809017, w: -1}
  - {x: -0.5877853, y: 0, z: -0.809017, w: -1}
  - {x: -0.5877853, y: 0, z: -0.809017, w: -1}
  - {x: 0.00000006267203, y: 0, z: -1, w: -1}
  - {x: 0.00000006267203, y: 0, z: -1, w: -1}
  - {x: 0.00000006267203, y: 0, z: -1, w: -1}
  - {x: 0.00000006267203, y: 0, z: -1, w: -1}
  - {x: 0.58778524, y: 0, z: -0.809017, w: -1}
  - {x: 0.58778524, y: 0, z: -0.809017, w: -1}
  - {x: 0.5877852, y: 0, z: -0.80901706, w: -1}
  - {x: 0.5877852, y: 0, z: -0.80901706, w: -1}
  - {x: 0.95105654, y: 0, z: -0.30901703, w: -1}
  - {x: 0.95105654, y: 0, z: -0.30901703, w: -1}
  - {x: 0.95105654, y: 0, z: -0.30901715, w: -1}
  - {x: 0.95105654, y: 0, z: -0.30901715, w: -1}
  - {x: 0.95105654, y: 0, z: 0.30901706, w: -1}
  - {x: 0.95105654, y: 0, z: 0.30901706, w: -1}
  - {x: 0.95105654, y: 0, z: 0.30901697, w: -1}
  - {x: 0.95105654, y: 0, z: 0.30901697, w: -1}
  - {x: 0.58778524, y: 0, z: 0.809017, w: -1}
  - {x: 0.58778524, y: 0, z: 0.809017, w: -1}
  - {x: 0.5877853, y: 0, z: 0.809017, w: -1}
  - {x: 0.5877853, y: 0, z: 0.809017, w: -1}
  - {x: 0.00000003133602, y: 0, z: 1, w: -1}
  - {x: 0.00000003133602, y: 0, z: 1, w: -1}
  - {x: -1, y: 0, z: 0, w: -1}
  - {x: -1, y: 0, z: 0, w: -1}
  - {x: -1, y: 0, z: 0, w: -1}
  - {x: 1, y: 0, z: 0, w: -1}
  - {x: 1, y: 0, z: 0, w: -1}
  - {x: 1, y: 0, z: 0, w: -1}
  - {x: -1, y: 0, z: 0, w: -1}
  - {x: -1, y: 0, z: 0, w: -1}
  - {x: -1, y: 0, z: 0, w: -1}
  - {x: 1, y: 0, z: 0, w: -1}
  - {x: 1, y: 0, z: 0, w: -1}
  - {x: 1, y: 0, z: 0, w: -1}
  - {x: -1, y: 0, z: 0, w: -1}
  - {x: -1, y: 0, z: 0, w: -1}
  - {x: -1, y: 0, z: 0, w: -1}
  - {x: 1, y: 0, z: 0, w: -1}
  - {x: 1, y: 0, z: 0, w: -1}
  - {x: 1, y: 0, z: 0, w: -1}
  - {x: -1, y: 0, z: 0, w: -1}
  - {x: -1, y: 0, z: 0, w: -1}
  - {x: -1, y: 0, z: 0, w: -1}
  - {x: 1, y: 0, z: 0, w: -1}
  - {x: 1, y: 0, z: 0, w: -1}
  - {x: 1, y: 0, z: 0, w: -1}
  - {x: -1, y: 0, z: 0, w: -1}
  - {x: -1, y: 0, z: 0, w: -1}
  - {x: -1, y: 0, z: 0, w: -1}
  - {x: 1, y: 0, z: 0, w: -1}
  - {x: 1, y: 0, z: 0, w: -1}
  - {x: 1, y: 0, z: 0, w: -1}
  - {x: -1, y: 0, z: 0, w: -1}
  - {x: -1, y: 0, z: 0, w: -1}
  - {x: -1, y: 0, z: 0, w: -1}
  - {x: 1, y: 0, z: 0, w: -1}
  - {x: 1, y: 0, z: 0, w: -1}
  - {x: 1, y: 0, z: 0, w: -1}
  - {x: -1, y: 0, z: 0, w: -1}
  - {x: -1, y: 0, z: 0, w: -1}
  - {x: -1, y: 0, z: 0, w: -1}
  - {x: 1, y: 0, z: 0, w: -1}
  - {x: 1, y: 0, z: 0, w: -1}
  - {x: 1, y: 0, z: 0, w: -1}
  - {x: -1, y: 0, z: 0, w: -1}
  - {x: -1, y: 0, z: 0, w: -1}
  - {x: -1, y: 0, z: 0, w: -1}
  - {x: 1, y: 0, z: 0, w: -1}
  - {x: 1, y: 0, z: 0, w: -1}
  - {x: 1, y: 0, z: 0, w: -1}
  - {x: -1, y: 0, z: 0, w: -1}
  - {x: -1, y: 0, z: 0, w: -1}
  - {x: -1, y: 0, z: 0, w: -1}
  - {x: 1, y: 0, z: 0, w: -1}
  - {x: 1, y: 0, z: 0, w: -1}
  - {x: 1, y: 0, z: 0, w: -1}
  - {x: -1, y: 0, z: 0, w: -1}
  - {x: -1, y: 0, z: 0, w: -1}
  - {x: -1, y: 0, z: 0, w: -1}
  - {x: 1, y: 0, z: 0, w: -1}
  - {x: 1, y: 0, z: 0, w: -1}
  - {x: 1, y: 0, z: 0, w: -1}
  m_Colors: []
  m_UnwrapParameters:
    m_HardAngle: 88
    m_PackMargin: 20
    m_AngleError: 8
    m_AreaError: 15
  m_PreserveMeshAssetOnDestroy: 0
  assetGuid: 
  m_Mesh: {fileID: 0}
  m_IsSelectable: 1
  m_SelectedFaces: 
  m_SelectedEdges: []
  m_SelectedVertices: 
--- !u!23 &8331787058551160991
MeshRenderer:
  m_ObjectHideFlags: 0
  m_CorrespondingSourceObject: {fileID: 0}
  m_PrefabInstance: {fileID: 0}
  m_PrefabAsset: {fileID: 0}
  m_GameObject: {fileID: 5621501583962215740}
  m_Enabled: 1
  m_CastShadows: 1
  m_ReceiveShadows: 1
  m_DynamicOccludee: 1
  m_MotionVectors: 1
  m_LightProbeUsage: 1
  m_ReflectionProbeUsage: 1
  m_RayTracingMode: 2
  m_RenderingLayerMask: 1
  m_RendererPriority: 0
  m_Materials:
  - {fileID: 2100000, guid: e6cd03917e3f246e4b4546d0a68121a6, type: 2}
  m_StaticBatchInfo:
    firstSubMesh: 0
    subMeshCount: 0
  m_StaticBatchRoot: {fileID: 0}
  m_ProbeAnchor: {fileID: 0}
  m_LightProbeVolumeOverride: {fileID: 0}
  m_ScaleInLightmap: 1
  m_ReceiveGI: 1
  m_PreserveUVs: 0
  m_IgnoreNormalsForChartDetection: 0
  m_ImportantGI: 0
  m_StitchLightmapSeams: 1
  m_SelectedEditorRenderState: 2
  m_MinimumChartSize: 4
  m_AutoUVMaxDistance: 0.5
  m_AutoUVMaxAngle: 89
  m_LightmapParameters: {fileID: 0}
  m_SortingLayerID: 0
  m_SortingLayer: 0
  m_SortingOrder: 0
--- !u!33 &5913842614679868801
MeshFilter:
  m_ObjectHideFlags: 0
  m_CorrespondingSourceObject: {fileID: 0}
  m_PrefabInstance: {fileID: 0}
  m_PrefabAsset: {fileID: 0}
  m_GameObject: {fileID: 5621501583962215740}
  m_Mesh: {fileID: 0}
--- !u!64 &107689000229460315
MeshCollider:
  m_ObjectHideFlags: 0
  m_CorrespondingSourceObject: {fileID: 0}
  m_PrefabInstance: {fileID: 0}
  m_PrefabAsset: {fileID: 0}
  m_GameObject: {fileID: 5621501583962215740}
  m_Material: {fileID: 0}
  m_IsTrigger: 0
  m_Enabled: 1
  serializedVersion: 4
  m_Convex: 0
  m_CookingOptions: 30
  m_Mesh: {fileID: 0}
